<marc:record xmlns:marc="http://www.loc.gov/MARC21/slim" xmlns:xsi="http://www.w3.org/2001/XMLSchema-instance" xsi:schemaLocation="http://www.loc.gov/MARC21/slim http://www.loc.gov/standards/marcxml/schema/MARC21slim.xsd">
  <marc:leader>     cam a22003371a 45M</marc:leader>
  <marc:controlfield tag="001">001685703</marc:controlfield>
  <marc:controlfield tag="003">NNU</marc:controlfield>
  <marc:controlfield tag="005">20061010173308.0</marc:controlfield>
  <marc:controlfield tag="008">000201s1930    sy       b    000 0cara d</marc:controlfield>
  <marc:datafield tag="035" ind1="9" ind2=" ">
    <marc:subfield code="a">NYUb12229142</marc:subfield>
  </marc:datafield>
  <marc:datafield tag="035" ind1=" " ind2=" ">
    <marc:subfield code="a">(NNU)NYUb12229142</marc:subfield>
  </marc:datafield>
  <marc:datafield tag="040" ind1=" " ind2=" ">
    <marc:subfield code="a">NjP</marc:subfield>
    <marc:subfield code="c">NjP</marc:subfield>
    <marc:subfield code="d">MH</marc:subfield>
    <marc:subfield code="d">CStRLIN</marc:subfield>
    <marc:subfield code="d">CtY</marc:subfield>
  </marc:datafield>
  <marc:datafield tag="066" ind1=" " ind2=" ">
    <marc:subfield code="c">(3</marc:subfield>
  </marc:datafield>
  <marc:datafield tag="090" ind1=" " ind2=" ">
    <marc:subfield code="a">PJ7620</marc:subfield>
    <marc:subfield code="b">.B3 1930</marc:subfield>
  </marc:datafield>
  <marc:datafield tag="100" ind1="1" ind2=" ">
    <marc:subfield code="a">Bākharzī, ʻAlī ibn al-Ḥasan,</marc:subfield>
    <marc:subfield code="d">d. 1075</marc:subfield>
    <marc:subfield code="6">01</marc:subfield>
  </marc:datafield>
  <marc:datafield tag="100" ind1="1" ind2=" ">
    <marc:subfield code="6">01</marc:subfield>
    <marc:subfield code="a">باخرزي، علي بن الحسن.</marc:subfield>
  </marc:datafield>
  <marc:datafield tag="245" ind1="1" ind2="0">
    <marc:subfield code="6">02</marc:subfield>
    <marc:subfield code="a">Dumyat al-qaṣr wa-ʻuṣrat ahl al-ʻaṣr /</marc:subfield>
    <marc:subfield code="c">li-Abī al-Ḥasan ʻAlī ibn al-Ḥasan al-Bākharzī ; ṭabaʻahu wa-ṣaḥḥaḥahu Muḥammad Rāghib al-Ṭabbākh. Wa-yalīhi multaqaṭāt min dīwānih.</marc:subfield>
  </marc:datafield>
  <marc:datafield tag="245" ind1="1" ind2="0">
    <marc:subfield code="6">02</marc:subfield>
    <marc:subfield code="a">دمية القصر وعصرة أهل العصر /</marc:subfield>
    <marc:subfield code="c">لأبي الحسن علي بن الحسن الباخرزي ؛ طبعه وصححه محمد راغب الطباخ. ويليه ملتقطات من ديوانه.</marc:subfield>
  </marc:datafield>
  <marc:datafield tag="250" ind1=" " ind2=" ">
    <marc:subfield code="6">03</marc:subfield>
    <marc:subfield code="a">al-Ṭabʻah 1.</marc:subfield>
  </marc:datafield>
  <marc:datafield tag="250" ind1=" " ind2=" ">
    <marc:subfield code="6">03</marc:subfield>
    <marc:subfield code="a">الطبعة 1.</marc:subfield>
  </marc:datafield>
  <marc:datafield tag="260" ind1=" " ind2=" ">
    <marc:subfield code="6">04</marc:subfield>
    <marc:subfield code="a">Ḥalab :</marc:subfield>
    <marc:subfield code="b">al-Maṭbaʻah al-ʻIlmīyah,</marc:subfield>
    <marc:subfield code="c">1930.</marc:subfield>
  </marc:datafield>
  <marc:datafield tag="260" ind1=" " ind2=" ">
    <marc:subfield code="6">04</marc:subfield>
    <marc:subfield code="a">حلب :</marc:subfield>
    <marc:subfield code="b">المطبعة العلمية،</marc:subfield>
    <marc:subfield code="c">1930.</marc:subfield>
  </marc:datafield>
  <marc:datafield tag="300" ind1=" " ind2=" ">
    <marc:subfield code="a">[3], 316, 54, 9 p. ;</marc:subfield>
    <marc:subfield code="c">27 cm.</marc:subfield>
  </marc:datafield>
  <marc:datafield tag="500" ind1=" " ind2=" ">
    <marc:subfield code="a">"al-Multaqaṭ min diwān Abī al-Ḥasan al-Bākharzī al-muthbat qabla Dumyat al-qaṣr fī al-nuskhah al-mawjūdah fī Maktabat al-Madrasah al-Aḥmadīyah bi-madīnat Ḥalab" (p. 54, 3rd group)</marc:subfield>
  </marc:datafield>
  <marc:datafield tag="504" ind1=" " ind2=" ">
    <marc:subfield code="a">Includes bibliographical references.</marc:subfield>
  </marc:datafield>
  <marc:datafield tag="650" ind1=" " ind2="0">
    <marc:subfield code="a">Poets, Arab</marc:subfield>
    <marc:subfield code="v">Biography.</marc:subfield>
  </marc:datafield>
  <marc:datafield tag="650" ind1=" " ind2="0">
    <marc:subfield code="a">Arabic poetry</marc:subfield>
    <marc:subfield code="y">750-1258.</marc:subfield>
  </marc:datafield>
  <marc:datafield tag="700" ind1="1" ind2="2">
    <marc:subfield code="a">Bākharzī, ʻAlī ibn al-Ḥasan,</marc:subfield>
    <marc:subfield code="d">d. 1075</marc:subfield>
    <marc:subfield code="6">05</marc:subfield>
    <marc:subfield code="t">Poems.</marc:subfield>
    <marc:subfield code="k">Selections.</marc:subfield>
    <marc:subfield code="f">1930.</marc:subfield>
  </marc:datafield>
  <marc:datafield tag="700" ind1="1" ind2=" ">
    <marc:subfield code="6">06</marc:subfield>
    <marc:subfield code="a">Ṭabbākh, Muḥammad Rāghib,</marc:subfield>
    <marc:subfield code="d">1877-1951.</marc:subfield>
  </marc:datafield>
  <marc:datafield tag="700" ind1="1" ind2="2">
    <marc:subfield code="6">05</marc:subfield>
    <marc:subfield code="a">باخرزي، علي بن الحسن.</marc:subfield>
    <marc:subfield code="t">قصائد.</marc:subfield>
    <marc:subfield code="k">مختارات.</marc:subfield>
    <marc:subfield code="f">1930.</marc:subfield>
  </marc:datafield>
  <marc:datafield tag="700" ind1="1" ind2=" ">
    <marc:subfield code="6">06</marc:subfield>
    <marc:subfield code="a">طباخ، محمد راغب.</marc:subfield>
  </marc:datafield>
  <marc:datafield tag="998" ind1=" " ind2=" ">
    <marc:subfield code="a">20010429</marc:subfield>
    <marc:subfield code="d">20010429</marc:subfield>
    <marc:subfield code="d">20010924</marc:subfield>
    <marc:subfield code="n">NNU</marc:subfield>
    <marc:subfield code="s">6</marc:subfield>
    <marc:subfield code="t">c</marc:subfield>
    <marc:subfield code="z">p</marc:subfield>
  </marc:datafield>
</marc:record>
